<record><leader>00000cas a22000007a 4500</leader><controlfield tag="001">18386719</controlfield><controlfield tag="008">880822d19731974ohuwr ne      0    0eng d</controlfield><datafield ind1=" " ind2=" " tag="010"><subfield code="a">sn 88077740 </subfield></datafield><datafield ind1=" " ind2=" " tag="040"><subfield code="a">ONP</subfield><subfield code="b">eng</subfield><subfield code="c">ONP</subfield><subfield code="d">OCLCQ</subfield></datafield><datafield ind1=" " ind2=" " tag="042"><subfield code="a">msc</subfield></datafield><datafield ind1="0" ind2="0" tag="245"><subfield code="a">Spectator west.</subfield></datafield><datafield ind1="3" ind2="0" tag="246"><subfield code="a">Community times (West ed.)</subfield></datafield><datafield ind1=" " ind2=" " tag="260"><subfield code="a">Columbus, Ohio :</subfield><subfield code="b">Gibralter Pub. Co.,</subfield><subfield code="c">1973-1974.</subfield></datafield><datafield ind1=" " ind2=" " tag="310"><subfield code="a">Weekly</subfield></datafield><datafield ind1="0" ind2=" " tag="362"><subfield code="a">Vol. 56, no. 29 (Aug. 1, 1973)-v. 1, no. 42 (Dec. 31, 1974).</subfield></datafield><datafield ind1=" " ind2=" " tag="500"><subfield code="a">Published as: Community times (West ed.), Mar. 13, 1974-Dec. 31, 1974.</subfield></datafield><datafield ind1=" " ind2=" " tag="752"><subfield code="a">United States</subfield><subfield code="b">Ohio</subfield><subfield code="c">Franklin</subfield><subfield code="d">Columbus.</subfield></datafield><datafield ind1="0" ind2="4" tag="780"><subfield code="t">Hilltop spectator (Columbus, Ohio : 1972)</subfield><subfield code="w">(DLC)sn 88077739</subfield></datafield><datafield ind1="0" ind2="4" tag="780"><subfield code="t">West village spectator</subfield><subfield code="w">(DLC)sn 88077742</subfield></datafield></record>